@misc{vandewetering2020zxcalculus,
      title={ZX-calculus for the working quantum computer scientist}, 
      author={John van de Wetering},
      year={2020},
      eprint={2012.13966},
      archivePrefix={arXiv},
      primaryClass={quant-ph}
}

@article{Coecke2007graphicalcalculus,
    author = {Coecke, Bob and Duncan, Ross},
    title = {A graphical calculus for quantum observables},
    year = {2007},
    journal = {Preprint},
    link = {http://www.cs.ox.ac.uk/people/bob.coecke/GreenRed.pdf},
    keywords = {ZX-Calculus, Foundational},
    abstract = {We present novel laws describing the interaction of a pair of mutually unbiased observables. These laws yield a diagrammatic calculus which enables matrix-free reasoning about quantum systems. To illustrate the elegance of this approach we establish some properties of standard quantum logic gates, compute the quantum Fourier transform and demonstrate equivalence between certain cluster state and quantum circuit computations.

Historical note: First paper containing ZX-diagrams. Rejected from QIP with reports like: ``nice pictures, so what?''.}
}

@misc{duncan2012graphical,
      title={A graphical approach to measurement-based quantum computing}, 
      author={Ross Duncan},
      year={2012},
      eprint={1203.6242},
      archivePrefix={arXiv},
      primaryClass={quant-ph}
}

@misc{shor1994algorithms,
      title={Algorithms for quantum computation: discrete logarithms and factoring}, 
      author={Peter W. Shor},
      year={1994},
      eprint={quant-ph/9508027},
      archivePrefix={arXiv},
      primaryClass={quant-ph}
}

@misc{grover1996fast,
      title={A fast quantum mechanical algorithm for database search}, 
      author={Lov K. Grover},
      year={1996},
      eprint={quant-ph/9605043},
      archivePrefix={arXiv},
      primaryClass={quant-ph}
}

@misc{equivalence_checking_tum,
      title={Equivalence Checking of
Quantum Circuits with the ZX-Calculus},
      author={Tom Peham, Lukas Burgholzer, Robert Wille},
      year={2022},
      howpublished="\url{https://www.cda.cit.tum.de/files/eda/2022_jetcas_equivalence_checking_of_quantum_circuits_with_the_zx_calculus.pdf}",
      note={accessed: 30.06.2023}
}

@misc{nielsen2010quantum,
      title={Quantum Computation and Quantum Information}, 
      author={Michael A. Nielsen and Isaac L. Chuang},
      year={2010},
      publisher={Cambridge University Press},
}

@misc{kissinger2020TCount,
      title={Reducing T-count with the ZX-calculus},
      author={Aleks Kissinger and John van de Wetering},
      year={2020}
}

@misc{namyross2018automated,
      title={Automated optimization of large quantum circuits with continuous parameters}, 
      author={Nam, Y., Ross, N.J., Su, Y. et al.},
      year={2018},
      eprint={1805.12445},
      archivePrefix={arXiv},
      primaryClass={quant-ph}
}

@misc{alexkissinger2020introductionzx,
      title={An introduction to the ZX-calculus},
      author={Aleks Kissinger},
      year={2020},
      publisher={Full-stack Quantum Computation},
      howpublished="\url{https://www.cs.ox.ac.uk/people/aleks.kissinger/slides/fullstack-25mins.pdf}",
      note={accessed: 30.06.2023}
}